@book{赤本,
  author         = {},
  editor         = {東京大学教養学部統計学教室 編},
  title          = {統計学入門},
  publisher      = {東京大学出版会},
  year           = {1991}
}
@book{キホンのキ,
  author         = {池田郁男（東北大学大学院農学研究科）},
  editor         = {},
  title          = {実験で使うとこだけ 生物統計 1 キホンのキ 改訂版},
  publisher      = {羊土社},
  year           = {2017}
}
@book{キホンのホン,
  author         = {池田郁男（東北大学大学院農学研究科）},
  editor         = {},
  title          = {実験で使うとこだけ 生物統計 2 キホンのホン 改訂版},
  publisher      = {羊土社},
  year           = {2017}
}
@book{key,
  author         = {栗原伸一，丸山敦史},
  editor         = {},
  title          = {統計学図鑑},
  publisher      = {オーム社},
  year           = {2020}
}
